

@misc{spectrometer,
        title = {\mbox{島津製作所 {UV TALK LETTER} vol.3(2009) 分光器}},
        howpublished = {\break\url{ https://www.an.shimadzu.co.jp/uv/support/lib/uvtalk/uvtalk3/basic.htm}}
}

@misc{achromatic_lens,
        title = {\mbox{中央精機株式会社 オプティカルユニット ／ オプティカルエレメント ／ アクロマティックレンズ}},
        howpublished = {\break\url{ http://www.mekatoro.net/digianaecatalog/chuo-sougou/book/chuo-sougou-P0904.pdf}}
}

@misc{anritsu,
        title = {\mbox{アンリツ 光スペクトルアナライザの基礎}},
        howpublished = {\break\url{ https://dl.cdn-anritsu.com/ja-jp/test-measurement/files/Technical-Notes/White-Paper/MS9740A_JR1100.pdf}}
}

@article{ccd,
  title={{CCD} 撮像デバイスの基礎},
  author={寺西 信一},
  journal={映像情報メディア学会誌},
  volume={68},
  number={2},
  pages={145-148},
  year={2014},
  doi={10.3169/itej.68.145}
}

@article{syuusa,
  title={レンズ光学の基礎３：光学系の収差},
  author={加藤 欣也},
  journal={視覚の科学},
  volume={36},
  number={3},
  pages={40-44},
  year={2015},
  doi={10.11432/jpnjvissci.36.40}
}

@misc{airy_disc,
        title = {\mbox{Edmund {O}ptics 解像力とコントラストに関する限界： エアリーディスク}},
        howpublished = {\break\url{https://www.edmundoptics.jp/knowledge-center/application-notes/imaging/limitations-on-resolution-and-contrast-the-airy-disk/}}
}

@misc{scipy,
        title = {\mbox{ scipy.signal.find\_peaks}},
        howpublished = {\break\url{ https://docs.scipy.org/doc/scipy/reference/generated/scipy.signal.find_peaks.html}}
}


@article{ccd_principle,
  title={レーザー実験における各種計測技術－計測用CCD/CMOSカメラの特徴と応用ー},
  author={戸田 英児},
  journal={レーザー研究},
  volume={39},
  number={10},
  pages={780-787},
  year={2011},
  doi={10.2184/lsj.39.780}
}

@misc{Airy,
        title = {\mbox{日本電子株式会社　回折収差 }},
        howpublished = {\break\url{ https://www.jeol.co.jp/words/semterms/search_result.html?keyword=diffraction%20aberration}}
}

@misc{nikon,
        title = {\mbox{Nikon {S}port {O}ptics {G}uide 双眼鏡 - 双眼鏡の構造と光学技術 収差 }},
        howpublished = {\break\url{ https://nvj.nikon.com/guide/binoculars/technologies/technologies_08.htm}}
}



@article{irosyuusa,
  title={不正乱視の基礎と臨床研究（4-1）　色収差の基礎},
  author={大沼 一彦},
  journal={視覚の科学},
  volume={29},
  number={1},
  pages={3-11},
  year={2008},
  doi={10.11432/jpnjvissci.29.3}
}

\bibliographystyle{unsrt}

@book{airy_gauss,
        author = {Bo Zhang and Josiane Zerubia and Jean-Christophe Olivo-Marin},
        title = {Gaussian approximations of fluorescence microscope point-spread function models},
        journal = {Applied Optics},
        year = {46(10): 1819–1829, 2007. },
}

@book{senkou,
        author = {K.Fujii and S.Atsumi and S.Watanabe and T.Shikama and M.Goto and  S.Morita and 
        M.Hasuo},
        title = {Development of a high dynamic range
spectroscopic system for observation of
neutral hydrogen atom density distribution
in Large Helical Device core plasma},
        journal = {The Review of scientific instruments},
        year = {85(2): 023502, 2014. },
}


% platex article
% pbibtex article
% platex article
% platex article
% dvipdfmx article